@misc{NLR_human_factors,
		title = {NLR - Aircraft Ground Handling and Human Factors},
		url = {https://easa.europa.eu/essi/ecast/wp-content/uploads/2011/08/Aircraft-Ground-Handling-and-Human-Factors-NLR-final-report.pdf},
		note = "Visited March 2014"
},

@misc{sas_tech_mechanic,
    title = {Flymekanikerlærling},
    url = {http://www.saselev.dk/flymekanikerelev/},
    note = "Besøgt Februar 2014"
},
@misc{cnet_boeing_app,
    title = {Boeing launches airplane maintenance iPad apps},
    url = {http://news.cnet.com/8301-10797_3-57604308-235/boeing-launches-airplane-maintenance-ipad-apps/},
    note = "Besøgt Februar 2014"
},

@ELECTRONIC{PaS_AeroHandlers,
  author = {Aero Handlers},
  title = {Hangarage, Ground Handling & Engineering Services},
  language = {English},
  organization = {AeroHandlers},
  url = {http://www.aerohandlers.com/download/aerohandlers_pricelist.pdf},
  owner = {AndersBaerbar},
  timestamp = {2014.03.16}
},

@ELECTRONIC{Algo_lobe,
  author = {Marlyn E. Kyle and Mithra M. K. V. Sankrithi},
  month = {November},
  year = {2000},
  title = {Aircraft lower lobe sleeping compartment},
  language = {English and Danish},
  organization = {The Boeing Company},
  note = {US6152400 A},
  url = {https://www.google.com/patents/US6152400},
  owner = {AndersBaerbar},
  timestamp = {2014.02.24}
},

@ELECTRONIC{Emegency_ICAO,
  author = {Secretary General of ICAO},
  year = {1991},
  title = {Airport Services Manual},
  language = {English},
  organization = {International Civilaviation Organization},
  url = {https://www.google.dk/url?sa=t&rct=j&q=&esrc=s&source=web&cd=2&ved=0CDoQFjAB&url=http%3A%2F%2Fwww.bazl.admin.ch%2Fdokumentation%2Fgrundlagen%2F02643%2F02644%2Findex.html%3Fdownload%3DNHzLpZeg7t%2Clnp6I0NTU042l2Z6ln1acy4Zn4Z2qZpnO2Yuq2Z6gpJCDe318fmym162epYbg2c_JjKbNoKSn6A--%26lang%3Dde&ei=7NAlU83LAavp4gTmgIHQCA&usg=AFQjCNGfYheDP0gDi1SkxRdNNeSN9xQprA&sig2=ehWt0K40mB0h5sNNnfl-hw},
  owner = {AndersBaerbar},
  timestamp = {2014.03.16}
},

@misc{north_flying,
    title = {North Flying - Skandinaviens største},
    url = {http://www.aal.dk/b2b/north-flying/#.Uw8Cu_l5O0J},
    note = "Besøgt Februar 2014"
},

@misc{cargo_lufthavn,
    title = {Cargo - Lufthavn},
    url = {http://www.aal.dk/b2b/cargo-fragt/#.Uw8DQvl5O0J},
    note = "Besøgt Februar 2014"
},

@misc{iaopa_fuelprices,
    title = {Fuelprice overview},
    url = {http://www.iaopa.eu/AOPAFuelPriceServlet},
    note = "Besøgt Februar 2014"
},

@misc{737_specs,
    title = {737-800 Technical Characteristics},
    url = {http://www.boeing.com/boeing/commercial/737family/pf/pf_800tech.page},
    note = "Besøgt Februar 2014"
},

@misc{mistet_bagage,
    title = {Mistet Bagage},
    url = {http://www.cph.dk/kundeservice/mistet-bagage/},
    note = "Besøgt Februar 2014"
},

@misc{control_stress_work,
    title = {Controlling Stress at Work},
    url = {http://ieeexplore.ieee.org/stamp/stamp.jsp?tp=&arnumber=494769},
    note = "Besøgt Februar 2014"
},

@misc{AvoidP_TenStep,
    title = {Poor planning is project management mistake number one},
    url = {http://www.techrepublic.com/article/poor-planning-is-project-management-mistake-number-one/#.},
    note = "Besøgt Februar 2014"
},